@article{bontemps2000,
  title={Equilibrium search with continuous productivity dispersion: Theory and nonparametric estimation},
  author={Bontemps, Christian and Robin, Jean-Marc and Van den Berg, Gerard J},
  journal={International Economic Review},
  volume={41},
  number={2},
  pages={305--358},
  year={2000},
  publisher={Wiley Online Library}
}